% Ant colony
@ARTICLE{Dorigo06antcolony,
    author = {Marco Dorigo and Mauro Birattari and Thomas Stützle},
    title = {Ant Colony Optimization – Artificial Ants as a Computational Intelligence Technique},
    journal = {IEEE Comput. Intell. Mag},
    year = {2006},
    volume = {1},
    pages = {28--39}
}

@phdthesis{Dorigothesis,
    author = {Marco Dorigo},
    title = {Optimization, Learning and Natural Algorithms},
    year = {1992},
    school ={Politecnico di Milano, Italy}
}

Dorigo, M. (1992) Optimization, Learning and Natural Algorithms. Ph.D. Thesis, Politecnico di Milano, Italian
% Max-Min 
@incollection{Sttzle1998,
  doi = {10.1007/978-3-7091-6492-1_54},
  url = {https://doi.org/10.1007/978-3-7091-6492-1_54},
  year  = {1998},
  publisher = {Springer Vienna},
  pages = {245--249},
  author = {T. St\"{u}tzle and H. Hoos},
  title = {Improvements on the Ant-System: Introducing the {MAX}-{MIN} Ant System},
  booktitle = {Artificial Neural Nets and Genetic Algorithms}
}

% Ant Colony System
@article{Dorigo1997,
  doi = {10.1109/4235.585892},
  url = {https://doi.org/10.1109/4235.585892},
  year  = {1997},
  month = {apr},
  publisher = {Institute of Electrical and Electronics Engineers ({IEEE})},
  volume = {1},
  number = {1},
  pages = {53--66},
  author = {M. Dorigo and L.M. Gambardella},
  title = {Ant colony system: a cooperative learning approach to the traveling salesman problem},
  journal = {{IEEE} Transactions on Evolutionary Computation}
}

% Parameter optimization for ant colony
@inproceedings{gaertner2005optimal,
  title={On Optimal Parameters for Ant Colony Optimization Algorithms.},
  author={Gaertner, Dorian and Clark, Keith L},
  booktitle={IC-AI},
  pages={83--89},
  year={2005}
}

% Ant colony complexity

@article{Sudholt2012,
  doi = {10.1016/j.jda.2011.06.002},
  url = {https://doi.org/10.1016/j.jda.2011.06.002},
  year  = {2012},
  month = {jan},
  publisher = {Elsevier {BV}},
  volume = {10},
  pages = {165--180},
  author = {Dirk Sudholt and Christian Thyssen},
  title = {Running time analysis of Ant Colony Optimization for shortest path problems},
  journal = {Journal of Discrete Algorithms}
}

@incollection{neumann2009computational,
  title={Computational complexity of ant colony optimization and its hybridization with local search},
  author={Neumann, Frank and Sudholt, Dirk and Witt, Carsten},
  booktitle={Innovations in Swarm Intelligence},
  pages={91--120},
  year={2009},
  publisher={Springer}
}


@article{wikidp,
  url = {https://en.wikipedia.org/wiki/Held%E2%80%93Karp_algorithm},
  publisher = {Wikipedia},
  author = {Wikipedia},
  title = {Held-Karp algorithm},
}


@article{Bellman1962,
  year  = {1962},
  month = {march},
  author = {Richard Bellman},
  title = {Dynamic programming treatment of the travelling salesman problem},
  journal = {Journal of Assoc. Computing}
}

@book{dorigo_2004,
  doi = {10.1007/b99492},
  url = {https://doi.org/10.1007/b99492},
  year  = {2004},
  publisher = {Springer Berlin Heidelberg},
  editor = {Marco Dorigo and Mauro Birattari and Christian Blum and Luca Maria Gambardella and Francesco Mondada and Thomas St\"{u}tzle},
  title = {Ant Colony Optimization and Swarm Intelligence}
}
